-----------------
- Introduction -
-----------------

@misc{SiteGPT,
    author = {Bhanu Teja Pachipulusu},
    title = {16 {L}eading {C}ompanies {U}sing {C}hatbots for {C}ustomer {S}ervice},
    year = {2023},
    howpublished = {\url{https://sitegpt.ai/blog/companies-using-chatbots-for-customer-service}},
    note = {[Online; accessed: 2024-07-10]}
}

@misc{Character_ai,
    author = {Character.ai},
    title = {Character.ai},
    year = {2024},
    howpublished = {\url{https://character.ai/}},
    note = {[Online; accessed 2024-07-12]}
}
 
@misc{art-from-the-machine,
    author = {art-from-the-machine},
    title = {Mantella},
    year = {2023},
    howpublished = {\url{https://github.com/art-from-the-machine/Mantella}},
    note = {[Online; accessed: 2024-07-12]}
}

@misc{Vaudville,
    author = {Steam},
    title = {Vaudeville},
    year = {2023},
    howpublished = {\url{https://store.steampowered.com/app/2240920/Vaudeville/}},
    note = {[Online; accessed: 2024-07-12]}
}

@misc{Neuro_sama,
    author = {vedal987},
    title = {vedal987},
    year = {2024},
    howpublished = {\url{https://www.twitch.tv/vedal987/}},
    note = {[Online; accessed: 2024-07-12]}
}

@misc{Fatehkia2024,
      title={{T}-{RAG}: {L}essons from the {LLM} {T}renches}, 
      author={Masoomali Fatehkia and Ji Kim Lucas and Sanjay Chawla},
      year={2024},
      howpublished={\url{https://arxiv.org/abs/2402.07483}}, 
}

@misc{Wang2024,
      title={RoleLLM: Benchmarking, Eliciting, and Enhancing Role-Playing Abilities of Large Language Models}, 
      author={Zekun Moore Wang and Zhongyuan Peng and Haoran Que and Jiaheng Liu and Wangchunshu Zhou and Yuhan Wu and Hongcheng Guo and Ruitong Gan and Zehao Ni and Jian Yang and Man Zhang and Zhaoxiang Zhang and Wanli Ouyang and Ke Xu and Stephen W. Huang and Jie Fu and Junran Peng},
      year={2024},
      howpublisehd={\url{https://arxiv.org/abs/2310.00746}}, 
}


---------------------
- Literature Review -
---------------------

@article{Hatalis2024,
	author = {Hatalis, Kostas and Christou, Despina and Myers, Joshua and Jones, Steven and Lambert, Keith and Amos-Binks, Adam and Dannenhauer, Zohreh and Dannenhauer, Dustin},
	year = {2024},
	month = {01},
	pages = {277-280},
	title = {Memory Matters: The Need to Improve Long-Term Memory in LLM-Agents},
	volume = {2},
	journal = {Proceedings of the AAAI Symposium Series},
	doi = {10.1609/aaaiss.v2i1.27688}
}

@misc{Sanmartin2024,
      title={KG-RAG: Bridging the Gap Between Knowledge and Creativity}, 
      author={Diego Sanmart{\'i}n},
      year={2024},
      howpublished={\url{https://arxiv.org/abs/2405.12035}}, 
}

@misc{Singhal2012,
      title={Introducing the Knowledge Graph: things, not strings.}, 
      author={Amit Singhal},
      year={2012},
      howpublished = {\url{https:// blog.google/products/search/introducing-knowledge-graph-things-not}},
      note={[Online; accessed: 2024-07-26]}
}

@misc{Guan2023,
      title={Mitigating Large Language Model Hallucinations via Autonomous Knowledge Graph-based Retrofitting}, 
      author={Xinyan Guan and Yanjiang Liu and Hongyu Lin and Yaojie Lu and Ben He and Xianpei Han and Le Sun},
      year={2023},
      howpublished={\url{https://arxiv.org/abs/2311.13314}}, 
}

@misc{Yang2024,
      title={Give Us the Facts: Enhancing Large Language Models with Knowledge Graphs for Fact-aware Language Modeling}, 
      author={Linyao Yang and Hongyang Chen and Zhao Li and Xiao Ding and Xindong Wu},
      year={2024},
      howpublished={\url{https://arxiv.org/abs/2306.11489}}, 
}

@misc{Maharana2024,
      title={Evaluating Very Long-Term Conversational Memory of LLM Agents}, 
      author={Adyasha Maharana and Dong-Ho Lee and Sergey Tulyakov and Mohit Bansal and Francesco Barbieri and Yuwei Fang},
      year={2024},
      howpublished={\url{https://arxiv.org/abs/2402.17753}}, 
}

@misc{Park2023,
      title={Generative Agents: Interactive Simulacra of Human Behavior}, 
      author={Joon Sung Park and Joseph C. O'Brien and Carrie J. Cai and Meredith Ringel Morris and Percy Liang and Michael S. Bernstein},
      year={2023},
      howpublished={\url{https://arxiv.org/abs/2304.03442}}, 
}

@misc{Zhong2023,
      title={MemoryBank: Enhancing Large Language Models with Long-Term Memory}, 
      author={Wanjun Zhong and Lianghong Guo and Qiqi Gao and He Ye and Yanlin Wang},
      year={2023},
      howpublished={\url{https://arxiv.org/abs/2305.10250}}, 
}

@misc{Li2024,
      title={Hello Again! LLM-powered Personalized Agent for Long-term Dialogue}, 
      author={Hao Li and Chenghao Yang and An Zhang and Yang Deng and Xiang Wang and Tat-Seng Chua},
      year={2024},
      howpublished={\url{https://arxiv.org/abs/2406.05925}}, 
}


----------------------------------
- Preliminary Work and Work Plan -
----------------------------------

@misc{Huggingface_Llama3_8B,
    author = {HuggingFace},
    title = {Meta-Llama-3.1-8B},
    year = {2023},
    howpublished = {\url{https://huggingface.co/meta-llama/Meta-Llama-3.1-8B}},
    note = {[Online; accessed: 2024-08-05]}
}


--------------
- Conclusion -
--------------

@misc{Langchain,
    author = {Langchain},
    title = {Conversation Knowledge Graph},
    year = {2024},
    howpublished = {\url{https://python.langchain.com/v0.1/docs/modules/memory/types/kg/}},
    note = {[Online; accessed: 2025-05-12]}
}
